@article{viand2023verifiable,
  title={Verifiable Fully Homomorphic Encryption},
  author={Viand, Alexander and Knabenhans, Christian and Hithnawi, Anwar},
  journal={arXiv preprint arXiv:2301.07041},
  year={2023}
}
@misc{shevchenko_2018,
author={Shevchenko, Nataliya},
title={Threat Modeling: 12 Available Methods},
month={Dec},
year={2018},
howpublished={Carnegie Mellon University, Software Engineering Institute's Insights (blog)},
url={https://doi.org/None},
note={Online, Accessed: 2023-Feb-10}
}
@MISC{The_Threat_Model,
   author =       {Kohnfelder, Loren; Garg, Praerit},
   title =        {The threats to our products},
   editor =       {Microsoft Interface},
   month =        {Retrieved 13 April},
   year =         { 2021},
   url =          {https://shostack.org/files/microsoft/The-Threats-To-Our-Products.docx},
   note =         {Online, Accessed: 2023-Feb-10},
 }
@MISC{TLS13,
   author =       {E. Rescorla},
   title =        {The Transport Layer Security (TLS) Protocol Version 1.3,PROPOSED STANDARD},
   editor =       {Internet Engineering Task Force (IETF)},
   ISSN ={2070-1721},
   month =        {Retrieved 21 Feb},
   year =         { 2023},
   url =          {https://www.rfc-editor.org/rfc/rfc8446\#page-10},
   note =         {Online, Accessed: 2023-Feb-21},
 }
@MISC{PKI,
   author =       {Network Working Group, S. Chokhani},
   title =        {Internet X.509 Public Key Infrastructure Certificate Policy and Certification Practices Framework},
   editor =       {Request for Comments: 3647,Orion Security Solutions, Inc.},
   category=      {Informational},
   month =        {Retrieved 21 Feb},
   year =         {2023},
   url =          {https://www.rfc-editor.org/rfc/rfc3647.txt},
   note =         {Online, Accessed: 2023-Feb-21},
 }
 @MISC{KMS,
   author ={Elaine Barker, Miles Smid,Dennis Branstad},
   title ={A Framework for Designing cryptographic Key Management Systems},
   month={October},
   year={2015},
   published={NIST Special Publication 800-152},
   url ={https://nvlpubs.nist.gov/nistpubs/SpecialPublications/NIST.SP.800-152.pdf},
 }
  @MISC{KMSV5,
   author ={Elaine Barker},
   title ={Recommendation for Key Management: Part 1 – General},
   month={May},
   year={2020},
   published={NIST Special Publication 800-57 Part 1,Revision 5},
   url ={https://nvlpubs.nist.gov/nistpubs/SpecialPublications/NIST.SP.800-57pt1r5.pdf},
 }
@article{chillotti2016attacking,
  title={Attacking FHE-based applications by software fault injections},
  author={Chillotti, Ilaria and Gama, Nicolas and Goubin, Louis},
  journal={Cryptology ePrint Archive},
  year={2016}
}
@inproceedings{loftus2011cca,
  title={On CCA-Secure Somewhat Homomorphic Encryption.},
  author={Loftus, Jake and May, Alexander and Smart, Nigel P and Vercauteren, Frederik},
  booktitle={Selected Areas in Cryptography},
  volume={7118},
  pages={55--72},
  year={2011},
  organization={Springer}
}
@inproceedings{zhang2012cca,
  title={On the CCA-1 security of somewhat homomorphic encryption over the integers},
  author={Zhang, Zhenfei and Plantard, Thomas and Susilo, Willy},
  booktitle={Information Security Practice and Experience: 8th International Conference, ISPEC 2012, Hangzhou, China, April 9-12, 2012. Proceedings 8},
  pages={353--368},
  year={2012},
  organization={Springer}
}
@inproceedings{chenal2015key,
  title={On key recovery attacks against existing somewhat homomorphic encryption schemes},
  author={Chenal, Massimo and Tang, Qiang},
  booktitle={Progress in Cryptology-LATINCRYPT 2014: Third International Conference on Cryptology and Information Security in Latin America Florian{\'o}polis, Brazil, September 17--19, 2014 Revised Selected Papers 3},
  pages={239--258},
  year={2015},
  organization={Springer}
}
@inproceedings{li2021security,
  title={On the security of homomorphic encryption on approximate numbers},
  author={Li, Baiyu and Micciancio, Daniele},
  booktitle={Advances in Cryptology--EUROCRYPT 2021: 40th Annual International Conference on the Theory and Applications of Cryptographic Techniques, Zagreb, Croatia, October 17--21, 2021, Proceedings, Part I 40},
  pages={648--677},
  year={2021},
  organization={Springer}
}
@inproceedings{cheon2017homomorphic,
  title={Homomorphic encryption for arithmetic of approximate numbers},
  author={Cheon, Jung Hee and Kim, Andrey and Kim, Miran and Song, Yongsoo},
  booktitle={Advances in Cryptology--ASIACRYPT 2017: 23rd International Conference on the Theory and Applications of Cryptology and Information Security, Hong Kong, China, December 3-7, 2017, Proceedings, Part I 23},
  pages={409--437},
  year={2017},
  organization={Springer}
}
@article{albrecht2021homomorphic,
  title={Homomorphic encryption standard},
  author={Albrecht, Martin and Chase, Melissa and Chen, Hao and Ding, Jintai and Goldwasser, Shafi and Gorbunov, Sergey and Halevi, Shai and Hoffstein, Jeffrey and Laine, Kim and Lauter, Kristin and others},
  journal={Protecting privacy through homomorphic encryption},
  pages={31--62},
  year={2021},
  publisher={Springer}
}
@article{hu2009ciphertext,
  title={Ciphertext verification security of symmetric encryption schemes},
  author={Hu, ZhenYu and Sun, FuChun and Jiang, JianChun},
  journal={Science in China Series F: Information Sciences},
  volume={52},
  number={9},
  pages={1617--1631},
  year={2009},
  publisher={Springer}
}
@article{lyubashevsky2013ideal,
  title={On ideal lattices and learning with errors over rings},
  author={Lyubashevsky, Vadim and Peikert, Chris and Regev, Oded},
  journal={Journal of the ACM (JACM)},
  volume={60},
  number={6},
  pages={1--35},
  year={2013},
  publisher={ACM New York, NY, USA}
}
@article{regev2009lattices,
  title={On lattices, learning with errors, random linear codes, and cryptography},
  author={Regev, Oded},
  journal={Journal of the ACM (JACM)},
  volume={56},
  number={6},
  pages={1--40},
  year={2009},
  publisher={ACM New York, NY, USA}
}
@inproceedings{brakerski2011fully,
  title={Fully homomorphic encryption from ring-LWE and security for key dependent messages},
  author={Brakerski, Zvika and Vaikuntanathan, Vinod},
  booktitle={Advances in Cryptology--CRYPTO 2011: 31st Annual Cryptology Conference, Santa Barbara, CA, USA, August 14-18, 2011. Proceedings 31},
  pages={505--524},
  year={2011},
  organization={Springer}
}
@inproceedings{regev2010learning,
  title={The learning with errors problem (invited survey)},
  author={Regev, Oded},
  booktitle={2010 IEEE 25th Annual Conference on Computational Complexity},
  pages={191--204},
  year={2010},
  organization={IEEE}
}
@inproceedings{howgrave2001approximate,
  title={Approximate integer common divisors},
  author={Howgrave-Graham, Nick},
  booktitle={Cryptography and Lattices: International Conference, CaLC 2001 Providence, RI, USA, March 29--30, 2001 Revised Papers},
  pages={51--66},
  year={2001},
  organization={Springer}
}
@book{goldreich2009foundations,
  title={Foundations of cryptography: volume 2, basic applications},
  author={Goldreich, Oded},
  year={2009},
  publisher={Cambridge university press}
}
@book{katz2020introduction,
  title={Introduction to modern cryptography},
  author={Katz, Jonathan and Lindell, Yehuda},
  year={2020},
  publisher={CRC press}
}
@inproceedings{bellare1999non,
  title={Non-malleable encryption: Equivalence between two notions, and an indistinguishability-based characterization},
  author={Bellare, Mihir and Sahai, Amit},
  booktitle={Advances in Cryptology—CRYPTO’99: 19th Annual International Cryptology Conference Santa Barbara, California, USA, August 15--19, 1999 Proceedings 19},
  pages={519--536},
  year={1999},
  organization={Springer}
}
@inproceedings{albrecht2016subfield,
  title={A subfield lattice attack on overstretched NTRU assumptions: Cryptanalysis of some FHE and graded encoding schemes},
  author={Albrecht, Martin and Bai, Shi and Ducas, L{\'e}o},
  booktitle={Advances in Cryptology--CRYPTO 2016: 36th Annual International Cryptology Conference, Santa Barbara, CA, USA, August 14-18, 2016, Proceedings, Part I},
  pages={153--178},
  year={2016},
  organization={Springer}
}
@article{cheon2016algorithm,
  title={An algorithm for NTRU problems and cryptanalysis of the GGH multilinear map without a low-level encoding of zero},
  author={Cheon, Jung Hee and Jeong, Jinhyuck and Lee, Changmin},
  journal={LMS Journal of Computation and Mathematics},
  volume={19},
  number={A},
  pages={255--266},
  year={2016},
  publisher={London Mathematical Society}
}
@article{galbraith2016algorithms,
  title={Algorithms for the approximate common divisor problem},
  author={Galbraith, Steven D and Gebregiyorgis, Shishay W and Murphy, Sean},
  journal={LMS Journal of Computation and Mathematics},
  volume={19},
  number={A},
  pages={58--72},
  year={2016},
  publisher={London Mathematical Society}
}
@inproceedings{cheon2015fully,
  title={Fully homomophic encryption over the integers revisited},
  author={Cheon, Jung Hee and Stehl{\'e}, Damien},
  booktitle={Advances in Cryptology--EUROCRYPT 2015: 34th Annual International Conference on the Theory and Applications of Cryptographic Techniques, Sofia, Bulgaria, April 26-30, 2015, Proceedings, Part I},
  pages={513--536},
  year={2015},
  organization={Springer}
}
@inproceedings{pereira2020efficient,
  title={Efficient AGCD-based homomorphic encryption for matrix and vector arithmetic},
  author={Pereira, Hilder Vitor Lima},
  booktitle={Applied Cryptography and Network Security: 18th International Conference, ACNS 2020, Rome, Italy, October 19--22, 2020, Proceedings, Part I},
  pages={110--129},
  year={2020},
  organization={Springer}
}
@inproceedings{benarroch2017fhe,
  title={FHE over the integers: decomposed and batched in the post-quantum regime},
  author={Benarroch, Daniel and Brakerski, Zvika and Lepoint, Tancr{\`e}de},
  booktitle={Public-Key Cryptography--PKC 2017: 20th IACR International Conference on Practice and Theory in Public-Key Cryptography, Amsterdam, The Netherlands, March 28-31, 2017, Proceedings, Part II},
  pages={271--301},
  year={2017},
  organization={Springer}
}
@inproceedings{van2010fully,
  title={Fully homomorphic encryption over the integers},
  author={Van Dijk, Marten and Gentry, Craig and Halevi, Shai and Vaikuntanathan, Vinod},
  booktitle={Advances in Cryptology--EUROCRYPT 2010: 29th Annual International Conference on the Theory and Applications of Cryptographic Techniques, French Riviera, May 30--June 3, 2010. Proceedings 29},
  pages={24--43},
  year={2010},
  organization={Springer}
}
@inproceedings{cheon2013batch,
  title={Batch fully homomorphic encryption over the integers},
  author={Cheon, Jung Hee and Coron, Jean-S{\'e}bastien and Kim, Jinsu and Lee, Moon Sung and Lepoint, Tancrede and Tibouchi, Mehdi and Yun, Aaram},
  booktitle={Advances in Cryptology--EUROCRYPT 2013: 32nd Annual International Conference on the Theory and Applications of Cryptographic Techniques, Athens, Greece, May 26-30, 2013. Proceedings 32},
  pages={315--335},
  year={2013},
  organization={Springer}
}
@inproceedings{coron2014scale,
  title={Scale-invariant fully homomorphic encryption over the integers},
  author={Coron, Jean-S{\'e}bastien and Lepoint, Tancrede and Tibouchi, Mehdi},
  booktitle={Public-Key Cryptography--PKC 2014: 17th International Conference on Practice and Theory in Public-Key Cryptography, Buenos Aires, Argentina, March 26-28, 2014. Proceedings 17},
  pages={311--328},
  year={2014},
  organization={Springer}
}
@article{NTRUJHJPJHS,
  title={NTRU: A new high speed public key cryptosystem},
  author={J. Hoffstein, J. Pipher, J. H Silverman},
  journal={Preprint, presented at the rump session of Crypto 96},
  year={1996}
}
@InProceedings{NTRUEncrypt,
author={Jeffrey Hoffstein, Jill Pipher, Joseph H. Silverman},
editor={Buhler, Joe P.},
title={NTRU: A ring-based public key cryptosystem},
booktitle={Algorithmic Number Theory},
year={1998},
publisher={Springer Berlin Heidelberg},
address={Berlin, Heidelberg},
pages={267--288},
isbn={978-3-540-69113-6}
}
@incollection{hoffstein2006ntru,
  title={NTRU: A ring-based public key cryptosystem},
  author={Hoffstein, Jeffrey and Pipher, Jill and Silverman, Joseph H},
  booktitle={Algorithmic Number Theory: Third International Symposiun, ANTS-III Portland, Oregon, USA, June 21--25, 1998 Proceedings},
  pages={267--288},
  year={2006},
  publisher={Springer}
}
@inproceedings{stehle2011making,
  title={Making NTRU as secure as worst-case problems over ideal lattices},
  author={Stehl{\'e}, Damien and Steinfeld, Ron},
  booktitle={Advances in Cryptology--EUROCRYPT 2011: 30th Annual International Conference on the Theory and Applications of Cryptographic Techniques, Tallinn, Estonia, May 15-19, 2011. Proceedings 30},
  pages={27--47},
  year={2011},
  organization={Springer}
}
@inproceedings{bos2013improved,
  title={Improved security for a ring-based fully homomorphic encryption scheme},
  author={Bos, Joppe W and Lauter, Kristin and Loftus, Jake and Naehrig, Michael},
  booktitle={Cryptography and Coding: 14th IMA International Conference, IMACC 2013, Oxford, UK, December 17-19, 2013. Proceedings 14},
  pages={45--64},
  year={2013},
  organization={Springer}
}
@inproceedings{lopez2012fly,
  title={On-the-fly multiparty computation on the cloud via multikey fully homomorphic encryption},
  author={L{\'o}pez-Alt, Adriana and Tromer, Eran and Vaikuntanathan, Vinod},
  booktitle={Proceedings of the forty-fourth annual ACM symposium on Theory of computing},
  pages={1219--1234},
  year={2012}
}
@inproceedings{bonte2023final,
  title={Final: Faster fhe instantiated with ntru and lwe},
  author={Bonte, Charlotte and Iliashenko, Ilia and Park, Jeongeun and Pereira, Hilder VL and Smart, Nigel P},
  booktitle={Advances in Cryptology--ASIACRYPT 2022: 28th International Conference on the Theory and Application of Cryptology and Information Security, Taipei, Taiwan, December 5--9, 2022, Proceedings, Part II},
  pages={188--215},
  year={2023},
  organization={Springer}
}
@inproceedings{ducas2021ntru,
  title={NTRU fatigue: how stretched is overstretched?},
  author={Ducas, L{\'e}o and van Woerden, Wessel},
  booktitle={Advances in Cryptology--ASIACRYPT 2021: 27th International Conference on the Theory and Application of Cryptology and Information Security, Singapore, December 6--10, 2021, Proceedings, Part IV 27},
  pages={3--32},
  year={2021},
  organization={Springer}
}
@inproceedings{peikert2009public,
  title={Public-key cryptosystems from the worst-case shortest vector problem},
  author={Peikert, Chris},
  booktitle={Proceedings of the forty-first annual ACM symposium on Theory of computing},
  pages={333--342},
  year={2009}
}
@article{micciancio2009lattice,
  title={Lattice-based cryptography},
  author={Micciancio, Daniele and Regev, Oded},
  journal={Post-quantum cryptography},
  pages={147--191},
  year={2009},
  publisher={Springer}
}
@inproceedings{applebaum2009fast,
  title={Fast cryptographic primitives and circular-secure encryption based on hard learning problems},
  author={Applebaum, Benny and Cash, David and Peikert, Chris and Sahai, Amit},
  booktitle={Advances in Cryptology-CRYPTO 2009: 29th Annual International Cryptology Conference, Santa Barbara, CA, USA, August 16-20, 2009. Proceedings},
  pages={595--618},
  year={2009},
  organization={Springer}
}
@inproceedings{bai2014lattice,
  title={Lattice decoding attacks on binary LWE},
  author={Bai, Shi and Galbraith, Steven D},
  booktitle={Information Security and Privacy: 19th Australasian Conference, ACISP 2014, Wollongong, NSW, Australia, July 7-9, 2014. Proceedings 19},
  pages={322--337},
  year={2014},
  organization={Springer}
}
@article{chen2020concrete,
  title={On the concrete security of LWE with small secret},
  author={Chen, Hao and Chua, Lynn and Lauter, Kristin and Song, Yongsoo},
  journal={Cryptology ePrint Archive},
  year={2020}
}
@inproceedings{lindner2011better,
  title={Better key sizes (and attacks) for LWE-based encryption},
  author={Lindner, Richard and Peikert, Chris},
  booktitle={Topics in Cryptology--CT-RSA 2011: The Cryptographers’ Track at the RSA Conference 2011, San Francisco, CA, USA, February 14-18, 2011. Proceedings},
  pages={319--339},
  year={2011},
  organization={Springer}
}
@article{babai1986lovasz,
  title={On Lov{\'a}sz’lattice reduction and the nearest lattice point problem},
  author={Babai, L{\'a}szl{\'o}},
  journal={Combinatorica},
  volume={6},
  pages={1--13},
  year={1986},
  publisher={Springer}
}
@inproceedings{liu2013solving,
  title={Solving BDD by enumeration: An update},
  author={Liu, Mingjie and Nguyen, Phong Q},
  booktitle={Topics in Cryptology--CT-RSA 2013: The Cryptographers’ Track at the RSA Conference 2013, San Francisco, CA, USA, February 25-March 1, 2013. Proceedings},
  pages={293--309},
  year={2013},
  organization={Springer}
}
@article{bindel2019estimation,
  title={Estimation of the hardness of the learning with errors problem with a restricted number of samples},
  author={Bindel, Nina and Buchmann, Johannes and G{\"o}pfert, Florian and Schmidt, Markus},
  journal={Journal of Mathematical Cryptology},
  volume={13},
  number={1},
  pages={47--67},
  year={2019},
  publisher={De Gruyter}
}
@article{albrechtestimator,
  title={Estimator for the bit security of LWE instances, 2017},
  author={Albrecht, Martin R and G{\"o}pfert, F and Lefebvre, C and Player, R and Scott, S},
  journal={URL: https://bitbucket. org/malb/lwe-estimator}
}
@inproceedings{albrecht2017revisiting,
  title={Revisiting the expected cost of solving uSVP and applications to LWE},
  author={Albrecht, Martin R and G{\"o}pfert, Florian and Virdia, Fernando and Wunderer, Thomas},
  booktitle={Advances in Cryptology--ASIACRYPT 2017: 23rd International Conference on the Theory and Applications of Cryptology and Information Security, Hong Kong, China, December 3-7, 2017, Proceedings, Part I 23},
  pages={297--322},
  year={2017},
  organization={Springer}
}
@article{kannan1987minkowski,
  title={Minkowski's convex body theorem and integer programming},
  author={Kannan, Ravi},
  journal={Mathematics of operations research},
  volume={12},
  number={3},
  pages={415--440},
  year={1987},
  publisher={INFORMS}
}
@inproceedings{lyubashevsky2009bounded,
  title={On bounded distance decoding, unique shortest vectors, and the minimum distance problem},
  author={Lyubashevsky, Vadim and Micciancio, Daniele},
  booktitle={Advances in Cryptology-CRYPTO 2009: 29th Annual International Cryptology Conference, Santa Barbara, CA, USA, August 16-20, 2009. Proceedings},
  pages={577--594},
  year={2009},
  organization={Springer}
}
@inproceedings{albrecht2014efficacy,
  title={On the efficacy of solving LWE by reduction to unique-SVP},
  author={Albrecht, Martin R and Fitzpatrick, Robert and G{\"o}pfert, Florian},
  booktitle={Information Security and Cryptology--ICISC 2013: 16th International Conference, Seoul, Korea, November 27-29, 2013, Revised Selected Papers 16},
  pages={293--310},
  year={2014},
  organization={Springer}
}
@book{lovasz1986algorithmic,
  title={An algorithmic theory of numbers, graphs and convexity},
  author={Lov{\'a}sz, L{\'a}szl{\'o}},
  year={1986},
  publisher={SIAM}
}
@article{luzzi2013decoding,
  title={Decoding by embedding: Correct decoding radius and DMT optimality},
  author={Luzzi, Laura and Stehl{\'e}, Damien and Ling, Cong},
  journal={IEEE Transactions on Information Theory},
  volume={59},
  number={5},
  pages={2960--2973},
  year={2013},
  publisher={IEEE}
}
@article{chernoff1952measure,
  title={A measure of asymptotic efficiency for tests of a hypothesis based on the sum of observations},
  author={Chernoff, Herman},
  journal={The Annals of Mathematical Statistics},
  pages={493--507},
  year={1952},
  publisher={JSTOR}
}
@article{cheon2019hybrid,
  title={A hybrid of dual and meet-in-the-middle attack on sparse and ternary secret LWE},
  author={Cheon, Jung Hee and Hhan, Minki and Hong, Seungwan and Son, Yongha},
  journal={IEEE Access},
  volume={7},
  pages={89497--89506},
  year={2019},
  publisher={IEEE}
}
@article{albrecht2015concrete,
  title={On the concrete hardness of learning with errors},
  author={Albrecht, Martin R and Player, Rachel and Scott, Sam},
  journal={Journal of Mathematical Cryptology},
  volume={9},
  number={3},
  pages={169--203},
  year={2015},
  publisher={De Gruyter}
}
@article{NHowgraveGraham,
  title={A meet-in-the-middle attack on an ntru private key},
  author={Howgrave-Graham, Nick and Silverman, Joseph H. and and Whyte, William },
  journal={NTRU Cryptosystems Technical Report Report $\#$ 004, Version 2:},
  year={07 2003},
}
@inproceedings{arora2011new,
  title={New algorithms for learning in presence of errors},
  author={Arora, Sanjeev and Ge, Rong},
  booktitle={Automata, Languages and Programming: 38th International Colloquium, ICALP 2011, Zurich, Switzerland, July 4-8, 2011, Proceedings, Part I 38},
  pages={403--415},
  year={2011},
  organization={Springer}
}
@article{albrecht2014algebraic,
  title={Algebraic algorithms for LWE},
  author={Albrecht, Martin and Cid, Carlos and Faug{\`e}re, Jean-Charles and Fitzpatrick, Robert and Perret, Ludovic},
  year={2014}
}
@article{blum2003noise,
  title={Noise-tolerant learning, the parity problem, and the statistical query model},
  author={Blum, Avrim and Kalai, Adam and Wasserman, Hal},
  journal={Journal of the ACM (JACM)},
  volume={50},
  number={4},
  pages={506--519},
  year={2003},
  publisher={ACM New York, NY, USA}
}
@inproceedings{albrecht2014lazy,
  title={Lazy Modulus Switching for the BKW Algorithm on LWE.},
  author={Albrecht, Martin R and Faug{\`e}re, Jean-Charles and Fitzpatrick, Robert and Perret, Ludovic},
  booktitle={Public Key Cryptography},
  volume={8383},
  pages={429--445},
  year={2014},
  organization={Springer}
}
@inproceedings{kirchner2015improved,
  title={An improved BKW algorithm for LWE with applications to cryptography and lattices},
  author={Kirchner, Paul and Fouque, Pierre-Alain},
  booktitle={Advances in Cryptology--CRYPTO 2015: 35th Annual Cryptology Conference, Santa Barbara, CA, USA, August 16-20, 2015, Proceedings, Part I 35},
  pages={43--62},
  year={2015},
  organization={Springer}
}
@inproceedings{guo2015coded,
  title={Coded-BKW: Solving LWE using lattice codes},
  author={Guo, Qian and Johansson, Thomas and Stankovski, Paul},
  booktitle={Advances in Cryptology--CRYPTO 2015: 35th Annual Cryptology Conference, Santa Barbara, CA, USA, August 16-20, 2015, Proceedings, Part I},
  pages={23--42},
  year={2015},
  organization={Springer}
}
@inproceedings{guo2017coded,
  title={Coded-BKW with sieving},
  author={Guo, Qian and Johansson, Thomas and M{\aa}rtensson, Erik and Stankovski, Paul},
  booktitle={Advances in Cryptology--ASIACRYPT 2017: 23rd International Conference on the Theory and Applications of Cryptology and Information Security, Hong Kong, China, December 3-7, 2017, Proceedings, Part I 23},
  pages={323--346},
  year={2017},
  organization={Springer}
}
@article{guo2019asymptotics,
  title={On the asymptotics of solving the LWE problem using coded-bkw with sieving},
  author={Guo, Qian and Johansson, Thomas and M{\aa}rtensson, Erik and Wagner, Paul Stankovski},
  journal={IEEE Transactions on Information Theory},
  volume={65},
  number={8},
  pages={5243--5259},
  year={2019},
  publisher={IEEE}
}
@inproceedings{maartensson2019asymptotic,
  title={The asymptotic complexity of coded-bkw with sieving using increasing reduction factors},
  author={M{\aa}rtensson, Erik},
  booktitle={2019 IEEE International Symposium on Information Theory (ISIT)},
  pages={2579--2583},
  year={2019},
  organization={IEEE}
}
@inproceedings{albrecht2017dual,
  title={On dual lattice attacks against small-secret LWE and parameter choices in HElib and SEAL},
  author={Albrecht, Martin R},
  booktitle={Advances in Cryptology--EUROCRYPT 2017: 36th Annual International Conference on the Theory and Applications of Cryptographic Techniques, Paris, France, April 30--May 4, 2017, Proceedings, Part II},
  pages={103--129},
  year={2017},
  organization={Springer}
}
@phdthesis{c54b603f579b48a08b698bde47b71455,
title = {Parameter selection in lattice-based cryptography},
keywords = {Lattice-based cryptography, Homomorphic encryption, Learning with errors},
author = {Rachel Player},
year = {2018},
language = {English},
school = {Royal Holloway, University of London},
}
@inproceedings{howgrave2007hybrid,
  title={A hybrid lattice-reduction and meet-in-the-middle attack against NTRU},
  author={Howgrave-Graham, Nick},
  booktitle={Advances in Cryptology-CRYPTO 2007: 27th Annual International Cryptology Conference, Santa Barbara, CA, USA, August 19-23, 2007. Proceedings 27},
  pages={150--169},
  year={2007},
  organization={Springer}
}
@inproceedings{dachman2020lwe,
  title={LWE with side information: attacks and concrete security estimation},
  author={Dachman-Soled, Dana and Ducas, L{\'e}o and Gong, Huijing and Rossi, M{\'e}lissa},
  booktitle={Advances in Cryptology--CRYPTO 2020: 40th Annual International Cryptology Conference, CRYPTO 2020, Santa Barbara, CA, USA, August 17--21, 2020, Proceedings, Part II},
  pages={329--358},
  year={2020},
  organization={Springer}
}
@inproceedings{albrecht2018estimate,
  title={Estimate all the $\{$LWE, NTRU$\}$ schemes!},
  author={Albrecht, Martin R and Curtis, Benjamin R and Deo, Amit and Davidson, Alex and Player, Rachel and Postlethwaite, Eamonn W and Virdia, Fernando and Wunderer, Thomas},
  booktitle={Security and Cryptography for Networks: 11th International Conference, SCN 2018, Amalfi, Italy, September 5--7, 2018, Proceedings 11},
  pages={351--367},
  year={2018},
  organization={Springer}
}
@misc{cryptoeprint:2022/1345,
      author = {Dana Dachman-Soled and Huijing Gong and Tom Hanson and Hunter Kippen},
      title = {Refined Security Estimation for LWE with Hints via a Geometric Approach},
      howpublished = {Cryptology ePrint Archive, Paper 2022/1345},
      year = {2022},
      note = {\url{https://eprint.iacr.org/2022/1345}},
      url = {https://eprint.iacr.org/2022/1345}
}
@article{ros2002ellipsoidal,
  title={An ellipsoidal calculus based on propagation and fusion},
  author={Ros, Llu{\'\i}s and Sabater, Assumpta and Thomas, Federico},
  journal={IEEE Transactions on Systems, Man, and Cybernetics, Part B (Cybernetics)},
  volume={32},
  number={4},
  pages={430--442},
  year={2002},
  publisher={IEEE}
}
@article{wang2019equivalence,
  title={On equivalence of major relaxation methods for minimum ellipsoid covering intersection of ellipsoids},
  author={Wang, Zhiguo and Shen, Xiaojing and Zhu, Yunmin},
  journal={Automatica},
  volume={103},
  pages={337--345},
  year={2019},
  publisher={Elsevier}
}
@article{HunterKippenToolkit,
  title={A Sage Toolkit to attack and estimate the hardness of LWE with Side Information},
  author={Kippen, Hunter},
  url={https://github.com/hunterkipt/Geometric-LWE-Estimator},
}
@article{halevi2013design,
  title={Design and implementation of a homomorphic-encryption library},
  author={Halevi, Shai and Shoup, Victor},
  journal={IBM Research (Manuscript)},
  volume={6},
  number={12-15},
  pages={8--36},
  year={2013},
  publisher={Thomas J. Watson Research Center}
}
@article{laine2016simple,
  title={Simple encrypted arithmetic library-seal (v2. 0)},
  author={Laine, Kim and Player, Rachel},
  journal={Technical report, Technical report},
  year={2016}
}
@article{Kim18,
  title={HEAAN},
  author={Andrey Kim},
  url={https://github.com/kimandrik/HEAAN},
  year={2018}
}
@article{halevi2021bootstrapping,
  title={Bootstrapping for helib},
  author={Halevi, Shai and Shoup, Victor},
  journal={Journal of Cryptology},
  volume={34},
  number={1},
  pages={7},
  year={2021},
  publisher={Springer}
}
@inproceedings{chen2018homomorphic,
  title={Homomorphic lower digits removal and improved FHE bootstrapping},
  author={Chen, Hao and Han, Kyoohyung},
  booktitle={Advances in Cryptology--EUROCRYPT 2018: 37th Annual International Conference on the Theory and Applications of Cryptographic Techniques, Tel Aviv, Israel, April 29-May 3, 2018 Proceedings, Part I},
  pages={315--337},
  year={2018},
  organization={Springer}
}
@inproceedings{cheon2018bootstrapping,
  title={Bootstrapping for approximate homomorphic encryption},
  author={Cheon, Jung Hee and Han, Kyoohyung and Kim, Andrey and Kim, Miran and Song, Yongsoo},
  booktitle={Advances in Cryptology--EUROCRYPT 2018: 37th Annual International Conference on the Theory and Applications of Cryptographic Techniques, Tel Aviv, Israel, April 29-May 3, 2018 Proceedings, Part I 37},
  pages={360--384},
  year={2018},
  organization={Springer}
}
@Inbook{Micciancio2009,
  author={Micciancio, Daniele and Regev, Oded},
  editor={Bernstein, Daniel J. and Buchmann, Johannes and Dahmen, Erik},
  title={Lattice-based Cryptography},
  year={2009},
  publisher={Springer Berlin Heidelberg},
  address={Berlin, Heidelberg},
  pages={147--191},
  isbn={978-3-540-88702-7}
}
@electronic{lattice_and_cryptography,
  title = {An Introduction to the Theory of Lattices and Applications to Cryptography},
  author={Joseph H. Silverman},
  year = {2021},
  url = {https://www.math.brown.edu/johsilve/Presentations/WyomingLattices.pdf},
  urldate = {2021-05-31}
}
\begin{comment}
@inproceedings{gama2008predicting,
  title={Predicting lattice reduction},
  author={Gama, Nicolas and Nguyen, Phong Q},
  booktitle={Advances in Cryptology--EUROCRYPT 2008: 27th Annual International Conference on the Theory and Applications of Cryptographic Techniques, Istanbul, Turkey, April 13-17, 2008. Proceedings 27},
  pages={31--51},
  year={2008},
  organization={Springer}
}
@book{bremner2011lattice,
  title={Lattice basis reduction: an introduction to the LLL algorithm and its applications},
  author={Bremner, Murray R},
  year={2011},
  publisher={CRC Press}
}
@book{lang2012introduction,
  title={Introduction to linear algebra},
  author={Lang, Serge},
  year={2012},
  publisher={Springer Science \& Business Media}
}
%%%%%%%%%
@inproceedings{nguyen2001two,
  title={The two faces of lattices in cryptology},
  author={Nguyen, Phong Q and Stern, Jacques},
  booktitle={Cryptography and Lattices: International Conference, CaLC 2001 Providence, RI, USA, March 29--30, 2001 Revised Papers},
  pages={146--180},
  year={2001},
  organization={Springer}
}
@article{peikert2016decade,
  title={A decade of lattice cryptography},
  author={Peikert, Chris and others},
  journal={Foundations and Trends{\textregistered} in Theoretical Computer Science},
  volume={10},
  number={4},
  pages={283--424},
  year={2016},
  publisher={Now Publishers, Inc.}
}
@inproceedings{regev2006lattice,
  title={Lattice-based cryptography},
  author={Regev, Oded},
  booktitle={Advances in Cryptology-CRYPTO 2006: 26th Annual International Cryptology Conference, Santa Barbara, California, USA, August 20-24, 2006. Proceedings 26},
  pages={131--141},
  year={2006},
  organization={Springer}
}
@inproceedings{MicciancioLN,
  title={Lattices in cryptography and cryptanalysis},
  author={Micciancio, Daniele},
  booktitle={Lecture notes of a course given in UC San Diego},
  year={2002},
}
@inproceedings{regevlatticenotes,
  title={Lattices in Computer Science},
  author={Regev, Oded},
  booktitle={Lecture notes on School of Computer Science, Tel Aviv University},
  year={2009},
}
@inproceedings{Vinodlatticenotes,
  title={Topics in Applied Discrete Mathematics: Lattices in Computer Scienc},
  author={Vaikuntanathan,Vinod},
  booktitle={Lecture notes on St. George campus at the University of Toronto},
  year={2011},
}
@Book{MGbook,
  author =   {Daniele Micciancio and Shafi Goldwasser},
  title =    {Complexity of Lattice Problems: a cryptographic perspective},
  publisher =    {Kluwer Academic Publishers},
  series =       {The Kluwer International Series in Engineering and Computer Science},  
  year =   2002,
  volume =   671,
  address =  {Boston, Massachusetts},
  month =  mar
}
@article{peikert2008limits,
  title={Limits on the hardness of lattice problems in $l_p$ norms},
  author={Peikert, Chris},
  journal={computational complexity},
  volume={17},
  pages={300--351},
  year={2008},
  publisher={Springer}
}
\@article{laarhoven2012solving,
  title={Solving hard lattice problems and the security of lattice-based cryptosystems},
  author={Laarhoven, Thijs and van de Pol, Joop and de Weger, Benne},
  journal={Cryptology ePrint Archive},
  year={2012}
}
@article{nguyen2009lll,
  title={An LLL algorithm with quadratic complexity},
  author={Nguyen, Phong Q and Stehl{\'e}, Damien},
  journal={SIAM Journal on Computing},
  volume={39},
  number={3},
  pages={874--903},
  year={2009},
  publisher={SIAM}
}
@inproceedings{chen2011bkz,
  title={BKZ 2.0: Better lattice security estimates},
  author={Chen, Yuanmi and Nguyen, Phong Q},
  booktitle={Advances in Cryptology--ASIACRYPT 2011: 17th International Conference on the Theory and Application of Cryptology and Information Security, Seoul, South Korea, December 4-8, 2011. Proceedings 17},
  pages={1--20},
  year={2011},
  organization={Springer}
}
@inproceedings{novocin2011lll,
  title={An LLL-reduction algorithm with quasi-linear time complexity},
  author={Novocin, Andrew and Stehl{\'e}, Damien and Villard, Gilles},
  booktitle={Proceedings of the forty-third annual ACM symposium on Theory of computing},
  pages={403--412},
  year={2011}
}
@misc{cade2008fplll,
  title={FPLLL library, version 3.0},
  author={Cad{\'e}, David and Pujol, Xavier and Stehl{\'e}, Damien},
  year={2008},
  publisher={Sep}
}
@misc{Shoup_LLL,
    title={NTL--a library for doing numbery theory},
    author={Shoup, Victor},
    url={https://github.com/libntl/ntl},
    year= {2023}
}
@misc{sagemath,
  author={The Sage Developers and William Stein and David Joyner and David Kohel and John Cremona and Eröcal, Burçin},
  title={SageMath, version 9.0},
  year={2020},
  url={http://www.sagemath.org},
}
@article {MR1484478,
    AUTHOR = {Bosma, Wieb and Cannon, John and Playoust, Catherine},
     TITLE = {The {M}agma algebra system. {I}. {T}he user language},
      NOTE = {Computational algebra and number theory (London, 1993)},
   JOURNAL = {J. Symbolic Comput.},
  FJOURNAL = {Journal of Symbolic Computation},
    VOLUME = {24},
      YEAR = {1997},
    NUMBER = {3-4},
     PAGES = {235--265},
      ISSN = {0747-7171},
   MRCLASS = {68Q40},
  MRNUMBER = {MR1484478},
       DOI = {10.1006/jsco.1996.0125},
       URL = {http://dx.doi.org/10.1006/jsco.1996.0125},
}
@unpublished{fplll,
    author = {The {FPLLL} development team},
    title = {{fplll}, a lattice reduction library, {Version}: 5.4.4},
    year = 2023,
    note = {Available at \url{https://github.com/fplll/fplll}},
    url = {https://github.com/fplll/fplll}
}
@misc{Mathematica,
  author = {Wolfram Research{,} Inc.},
  title = {Mathematica, {V}ersion 13.2},
  url = {https://www.wolfram.com/mathematica},
  note = {Champaign, IL, 2022}
}
@manual{PARI2,
    organization = {The PARI~Group},
    title        = {PARI/GP version \texttt{2.13.4}},
    year         = {2022},
    address      = {Univ. Bordeaux},
    url          = {http://pari.math.u-bordeaux.fr/}
}
@article{lenstra1982factoring,
  title={Factoring polynomials with rational coefficients},
  author={Lenstra, Arjen K and Lenstra, Hendrik Willem and Lov{\'a}sz, L{\'a}szl{\'o}},
  journal={Mathematische annalen},
  volume={261},
  number={ARTICLE},
  pages={515--534},
  year={1982},
  publisher={Springer Verlag}
}
@article{schnorr1994lattice,
  title={Lattice basis reduction: Improved practical algorithms and solving subset sum problems},
  author={Schnorr, Claus-Peter and Euchner, Martin},
  journal={Mathematical programming},
  volume={66},
  pages={181--199},
  year={1994},
  publisher={Springer}
}
@incollection{vallee2009probabilistic,
  title={Probabilistic analyses of lattice reduction algorithms},
  author={Vall{\'e}e, Brigitte and Vera, Antonio},
  booktitle={The LLL Algorithm: Survey and Applications},
  pages={71--143},
  year={2009},
  publisher={Springer}
}
@article{korkine1873formes,
  title={Sur les formes quadratiques},
  author={Korkine, Aleksandr and Zolotareff, G},
  journal={Mathematische Annalen},
  volume={6},
  number={3},
  pages={366--389},
  year={1873},
  publisher={Springer-Verlag Berlin/Heidelberg}
}
@article{de1773recherches,
  title={Recherches d’arithm{\'e}tique},
  author={De Lagrange, Joseph Louis},
  journal={Nouveaux M{\'e}moires de l’Acad{\'e}mie de Berlin},
  year={1773}
}
@article{fincke1985improved,
  title={Improved methods for calculating vectors of short length in a lattice, including a complexity analysis},
  author={Fincke, Ulrich and Pohst, Michael},
  journal={Mathematics of computation},
  volume={44},
  number={170},
  pages={463--471},
  year={1985}
}
@inproceedings{kannan1983improved,
  title={Improved algorithms for integer programming and related lattice problems},
  author={Kannan, Ravi},
  booktitle={Proceedings of the fifteenth annual ACM symposium on Theory of computing},
  pages={193--206},
  year={1983}
}
@article{pohst1981computation,
  title={On the computation of lattice vectors of minimal length, successive minima and reduced bases with applications},
  author={Pohst, Michael},
  journal={ACM Sigsam Bulletin},
  volume={15},
  number={1},
  pages={37--44},
  year={1981},
  publisher={ACM New York, NY, USA}
}
@inproceedings{gama2010lattice,
  title={Lattice enumeration using extreme pruning},
  author={Gama, Nicolas and Nguyen, Phong Q and Regev, Oded},
  booktitle={Advances in Cryptology--EUROCRYPT 2010: 29th Annual International Conference on the Theory and Applications of Cryptographic Techniques, French Riviera, May 30--June 3, 2010. Proceedings 29},
  pages={257--278},
  year={2010},
  organization={Springer}
}
@inproceedings{hanrot2011analyzing,
  title={Analyzing blockwise lattice algorithms using dynamical systems},
  author={Hanrot, Guillaume and Pujol, Xavier and Stehl{\'e}, Damien},
  booktitle={Advances in Cryptology--CRYPTO 2011: 31st Annual Cryptology Conference, Santa Barbara, CA, USA, August 14-18, 2011. Proceedings 31},
  pages={447--464},
  year={2011},
  organization={Springer}
}
@book{nguyen2010lll,
  title={The LLL algorithm},
  author={Nguyen, Phong Q and Vall{\'e}e, Brigitte},
  year={2010},
  publisher={Springer}
}
@inproceedings{schnorr1995attacking,
  title={Attacking the Chor-Rivest cryptosystem by improved lattice reduction},
  author={Schnorr, Claus-Peter and H{\"o}rner, Horst Helmut},
  booktitle={Advances in Cryptology—EUROCRYPT’95: International Conference on the Theory and Application of Cryptographic Techniques Saint-Malo, France, May 21--25, 1995 Proceedings 14},
  pages={1--12},
  year={1995},
  organization={Springer}
}
@article{lee2010cryptanalysis,
  title={Cryptanalysis of the GGH cryptosystem},
  author={Lee, Moon Sung and Hahn, Sang Geun},
  journal={Mathematics in Computer Science},
  volume={3},
  number={2},
  pages={201--208},
  year={2010},
  publisher={Springer}
}
@inproceedings{nguyen1999cryptanalysis,
  title={Cryptanalysis of the Goldreich-Goldwasser-Halevi cryptosystem from crypto’97},
  author={Nguyen, Phong},
  booktitle={Advances in Cryptology—CRYPTO’99: 19th Annual International Cryptology Conference Santa Barbara, California, USA, August 15--19, 1999 Proceedings},
  pages={288--304},
  year={1999},
  organization={Springer}
}
@phdthesis{chen2013reduction,
  title={R{\'e}duction de r{\'e}seau et s{\'e}curit{\'e} concrete du chiffrement completement homomorphe},
  author={Chen, Yuanmi},
  year={2013},
  school={Paris 7}
}
@inproceedings{alkim2016post,
  title={Post-quantum key exchange-A New Hope.},
  author={Alkim, Erdem and Ducas, L{\'e}o and P{\"o}ppelmann, Thomas and Schwabe, Peter},
  booktitle={USENIX security symposium},
  volume={2016},
  year={2016}
}
@inproceedings{schnorr2003lattice,
  title={Lattice reduction by random sampling and birthday methods},
  author={Schnorr, Claus Peter},
  booktitle={STACS 2003: 20th Annual Symposium on Theoretical Aspects of Computer Science Berlin, Germany, February 27--March 1, 2003 Proceedings 20},
  pages={145--156},
  year={2003},
  organization={Springer}
}
@misc{LweChallenge,
  author= {TU Darmstadt, Department of Computer Science, Institute for Scientific computing},
  title = {Tu Darmstadt Learning With Errors Challenge},
  url   = {https://www.latticechallenge.org/lwe-challenge/challenge.php},
  year  = {Darmstadt,2015}
}
@inproceedings{brakerski2013classical,
  title={Classical hardness of learning with errors},
  author={Brakerski, Zvika and Langlois, Adeline and Peikert, Chris and Regev, Oded and Stehl{\'e}, Damien},
  booktitle={Proceedings of the forty-fifth annual ACM symposium on Theory of computing},
  pages={575--584},
  year={2013}
}
@inproceedings{micciancio2013hardness,
  title={Hardness of SIS and LWE with small parameters},
  author={Micciancio, Daniele and Peikert, Chris},
  booktitle={Advances in Cryptology--CRYPTO 2013: 33rd Annual Cryptology Conference, Santa Barbara, CA, USA, August 18-22, 2013. Proceedings, Part I},
  pages={21--39},
  year={2013},
  organization={Springer}
}
@inproceedings{micciancio2011pseudorandom,
  title={Pseudorandom knapsacks and the sample complexity of LWE search-to-decision reductions},
  author={Micciancio, Daniele and Mol, Petros},
  booktitle={Advances in Cryptology--CRYPTO 2011: 31st Annual Cryptology Conference, Santa Barbara, CA, USA, August 14-18, 2011. Proceedings 31},
  pages={465--484},
  year={2011},
  organization={Springer}
}
@article{schnorr2012solving,
  title={Solving Subset Sum Problems of Densioty close to 1 by" randomized" BKZ-reduction},
  author={Schnorr, Claus P and Shevchenko, Taras},
  journal={Cryptology ePrint Archive},
  year={2012}
}
@article{haque2019analyzing,
  title={Analyzing progressive-bkz lattice reduction algorithm},
  author={Haque, Md Mokammel and Rahman, Mohammad Obaidur},
  journal={International Journal of Computer Network and Information Security},
  volume={11},
  number={1},
  pages={40--46},
  year={2019},
  publisher={Modern Education and Computer Science Press}
}
@inproceedings{schnorr2011accelerated,
  title={Accelerated and improved slide-and LLL-reduction},
  author={Schnorr, Claus Peter},
  booktitle={Electronic Colloquium on Computational Complexity, TR11-050},
  year={2011}
}
@inproceedings{micciancio2016practical,
  title={Practical, predictable lattice basis reduction},
  author={Micciancio, Daniele and Walter, Michael},
  booktitle={Advances in Cryptology--EUROCRYPT 2016: 35th Annual International Conference on the Theory and Applications of Cryptographic Techniques, Vienna, Austria, May 8-12, 2016, Proceedings, Part I 35},
  pages={820--849},
  year={2016},
  organization={Springer}
}
@article{schnorr1987hierarchy,
  title={A hierarchy of polynomial time lattice basis reduction algorithms},
  author={Schnorr, Claus-Peter},
  journal={Theoretical computer science},
  volume={53},
  number={2-3},
  pages={201--224},
  year={1987},
  publisher={Elsevier}
}
@inproceedings{gama2008finding,
  title={Finding short lattice vectors within Mordell's inequality},
  author={Gama, Nicolas and Nguyen, Phong Q},
  booktitle={Proceedings of the fortieth annual ACM symposium on Theory of computing},
  pages={207--216},
  year={2008}
}
@article{li2023salsapic,
  title={SALSA PICANTE: a machine learning attack on LWE with binary secrets},
  author={Li, Cathy and Sot{\'a}kov{\'a}, Jana and Wenger, Emily and Malhou, Mohamed and Garcelon, Evrard and Charton, Francois and Lauter, Kristin},
  journal={arXiv preprint arXiv:2303.04178},
  year={2023}
}
@article{li2023salsaver,
  title={SALSA VERDE: a machine learning attack on Learning With Errors with sparse small secrets},
  author={Li, Cathy and Sotakova, Jana and Wenger, Emily and Allen-Zhu, Zeyuan and Charton, Francois and Lauter, Kristin},
  journal={arXiv preprint arXiv:2306.11641},
  year={2023}
}
@inproceedings{carion2020end,
  title={End-to-end object detection with transformers},
  author={Carion, Nicolas and Massa, Francisco and Synnaeve, Gabriel and Usunier, Nicolas and Kirillov, Alexander and Zagoruyko, Sergey},
  booktitle={European conference on computer vision},
  pages={213--229},
  year={2020},
  organization={Springer}
}
@inproceedings{ramesh2021zero,
  title={Zero-shot text-to-image generation},
  author={Ramesh, Aditya and Pavlov, Mikhail and Goh, Gabriel and Gray, Scott and Voss, Chelsea and Radford, Alec and Chen, Mark and Sutskever, Ilya},
  booktitle={International Conference on Machine Learning},
  pages={8821--8831},
  year={2021},
  organization={PMLR}
}
@inproceedings{dong2018speech,
  title={Speech-transformer: a no-recurrence sequence-to-sequence model for speech recognition},
  author={Dong, Linhao and Xu, Shuang and Xu, Bo},
  booktitle={2018 IEEE international conference on acoustics, speech and signal processing (ICASSP)},
  pages={5884--5888},
  year={2018},
  organization={IEEE}
}
@article{lample2019deep,
  title={Deep learning for symbolic mathematics},
  author={Lample, Guillaume and Charton, Fran{\c{c}}ois},
  journal={arXiv preprint arXiv:1912.01412},
  year={2019}
}
@article{polu2020generative,
  title={Generative language modeling for automated theorem proving},
  author={Polu, Stanislas and Sutskever, Ilya},
  journal={arXiv preprint arXiv:2009.03393},
  year={2020}
}
@article{charton2021linear,
  title={Linear algebra with transformers},
  author={Charton, Fran{\c{c}}ois},
  journal={arXiv preprint arXiv:2112.01898},
  year={2021}
}
@article{bahdanau2014neural,
  title={Neural machine translation by jointly learning to align and translate},
  author={Bahdanau, Dzmitry and Cho, Kyunghyun and Bengio, Yoshua},
  journal={arXiv preprint arXiv:1409.0473},
  year={2014}
}
@article{wenger2022salsa,
  title={Salsa: Attacking lattice cryptography with transformers},
  author={Wenger, Emily and Chen, Mingjie and Charton, Francois and Lauter, Kristin E},
  journal={Advances in Neural Information Processing Systems},
  volume={35},
  pages={34981--34994},
  year={2022}
}
@inproceedings{rivest1991cryptography,
  title={Cryptography and machine learning},
  author={Rivest, Ronald L},
  booktitle={International Conference on the Theory and Application of Cryptology},
  pages={427--439},
  year={1991},
  organization={Springer}
}
@article{vaswani2017attention,
  title={Attention is all you need},
  author={Vaswani, Ashish and Shazeer, Noam and Parmar, Niki and Uszkoreit, Jakob and Jones, Llion and Gomez, Aidan N and Kaiser, {\L}ukasz and Polosukhin, Illia},
  journal={Advances in neural information processing systems},
  volume={30},
  year={2017}
}
