@inproceedings{cheon2017homomorphic,
  title={Homomorphic encryption for arithmetic of approximate numbers},
  author={Cheon, Jung Hee and Kim, Andrey and Kim, Miran and Song, Yongsoo},
  booktitle={Advances in Cryptology--ASIACRYPT 2017: 23rd International Conference on the Theory and Applications of Cryptology and Information Security, Hong Kong, China, December 3-7, 2017, Proceedings, Part I 23},
  pages={409--437},
  year={2017},
  organization={Springer}
}
@inproceedings{kim2022approximate,
  title={Approximate homomorphic encryption with reduced approximation error},
  author={Kim, Andrey and Papadimitriou, Antonis and Polyakov, Yuriy},
  booktitle={Topics in Cryptology--CT-RSA 2022: Cryptographers’ Track at the RSA Conference 2022, Virtual Event, March 1--2, 2022, Proceedings},
  pages={120--144},
  year={2022},
  organization={Springer}
}
@inproceedings{han2020better,
  title={Better bootstrapping for approximate homomorphic encryption},
  author={Han, Kyoohyung and Ki, Dohyeong},
  booktitle={Topics in Cryptology--CT-RSA 2020: The Cryptographers’ Track at the RSA Conference 2020, San Francisco, CA, USA, February 24--28, 2020, Proceedings},
  pages={364--390},
  year={2020},
  organization={Springer}
}
@article{cheon2021practical,
  title={Practical FHE parameters against lattice attacks},
  author={Cheon, Jung Hee and Son, Yongha and Yhee, Donggeon},
  journal={Cryptology ePrint Archive},
  year={2021}
}
@article{costache2022precision,
  title={On the precision loss in approximate homomorphic encryption},
  author={Costache, Anamaria and Curtis, Benjamin R and Hales, Erin and Murphy, Sean and Ogilvie, Tabitha and Player, Rachel},
  journal={Cryptology ePrint Archive},
  year={2022}
}